@Book{DUMMY,
	author    = "A",
	title     = "B",
	publisher = "C",
	year      =  "1964",
	address   = "D",
	edition   = "E"
}
