@book{Nielsen:2011,
 author = {Nielsen, Michael A. and Chuang, Isaac L.},
 title = {Quantum Computation and Quantum Information: 10th Anniversary Edition},
 year = {2011},
 isbn = {9781107002173},
 edition = {10th},
 publisher = {Cambridge University Press},
 address = {New York, NY, USA},
}

@misc{Wolfram|Alpha,
  author = {Wolfram Research{,} Inc.},
  title = {Wolfram|Alpha},
  url = {https://www.wolframalpha.com/input/?i=%28plancks+constant%29+%2F+%28plancks+reduced+constant%29},
  note = {Accessed on \currenttime ~\today}
}

@inbook{Physics_handbook,
    TITLE = {Physics Handbook for Science and Engineering},
    AUTHOR = {Carl Nordling, Jonny Ã–sterman},
    PUBLISHER = {Studentlitteratur},
    YEAR = {2015},
    CHAPTER = {CU1}
}