@book{Bowler2005,
	author = {Bowler, Peter and Morus, Iwan},
	year = {2005},
	month = {04},
	title = {Making Modern Science: A Historical Survey},
	isbn = {978-0226068619}
}

@article{Smith1990,
	ISSN = {0040165X, 10973729},
	url = {http://www.jstor.org/stable/3105763},
	author = {John Kenly Smith},
	journal = {Technology and Culture},
	number = {1},
	pages = {121--131},
	publisher = {[The Johns Hopkins University Press, Society for the History of Technology]},
	title = {The Scientific Tradition in American Industrial Research},
	volume = {31},
	year = {1990}
}

@book{Lundgren2017,
	title = {Kunskap och kemisk industri i 1800-talets Sverige},
	author = {Anders Lundgren},
	year = {2017},
	publisher = {Arkiv förlag},
	city = {Lund, SWEDEN},
	isbn = {978-9179243227},
	url = {http://ebookcentral.proquest.com/lib/chalmers/detail.action?docID=5614075}
}

@book{Sundin2006,
	author = {Bosse Sundin},
	ISBN = {9173310158},
	publisher = {Carlsson},
	title = {Den kupade handen: historien om människan och tekniken.},
	pages = {243--269},
%	url = {http://search.ebscohost.com/login.aspx?direct=true&AuthType=sso&db=cat07470a&AN=clc.73cbc636afa54febaa24e0a1944c196d&site=eds-live&scope=site&custid=s3911979&authtype=sso&group=main&profile=eds},
	year = {2006}
}

@inbook{Berner2000,
	place={Amsterdam},
	title={Educating Men: Women and the Swedish Royal Institute of Technology, 1880--1930},
	ISBN={90-5823-068-6},
	url={http://urn.kb.se/resolve?urn=urn:nbn:se:liu:diva-29780},
	note={[ed] Annie Canel, Ruth Oldenziel, and Karin Zachmann}, booktitle={Crossing Boundaries, Building Bridges: Comparing the History of Women Engineers, 1870s--1990s},
	publisher={Harwood Publishers},
	author={Boel Berner},
	year={2000},
	pages={75--102}
}

@inbook{Larsson2006,
	place={Hedemora},
	title={Om en kvinna som befunnits tillhöra genus masculinum: synen på kön, klass och sexualitet i 1800-talets medicin och kultur},
	ISBN={91-7844-707-0}, url={http://urn.kb.se/resolve?urn=urn:nbn:se:uu:diva-22656},
	note={[ed] Lena Lennerhed},
	booktitle={Från Sapfo till cyborg: idéer om kön och sexualitet i historien},
	author={Larsson, Maja},
	year={2006},
	pages={109--134}
}

@article{Ensmenger2015,
	author = {Nathan Ensmenger},
	year = {2015},
	month = {01},
	pages = {38-65},
	title = {“Beards, Sandals, and Other Signs of Rugged Individualism”: Masculine Culture within the Computing Professions},
	volume = {30},
	journal = {Osiris},
	doi = {10.1086/682955}
}

@book{Taleb2007,
	title={The Black Swan: The Impact of the Highly Improbable},
	author={Nassim Nicholas Taleb},
%	volume={2},
	year={2010},
	publisher={Random house}
}

@misc{genie,
	title = {Genie | Gender Initiative for Excellence},
	note = {Hämtad \today},
	url = {https://www.chalmers.se/en/about-chalmers/Chalmers-for-a-sustainable-future/initiatives-for-gender-equality/gender-initiative-for-excellence/Pages/default.aspx}
}